@book{ITT,
  author = {Martin-L\"{o}f, Per},
  title = {Intuitionistic Type Theory},
  year = {1984},
  url = {http://www.csie.ntu.edu.tw/~b94087/ITT.pdf}
}
